@inbook{fnc-driscoll,
  author = {Tobin Driscoll and Richard Braun},
  title = {Fundamentals of Numerical Computation},
   chapter = {12. Advection Equations},
   pages = {548-552},
   publisher = {Tobin Driscoll and Richard Braun},
   year = {2017}
}

@inbook{md-verlet,
  author = {Ben Leimkuhler and Charles Matthews},
  title = {Molecular Dynamics with Deterministic and Stochastic Numerical Methods},
  chapter = {2. Numerical Integrators},
  pages = {67 - 70},
  publisher = {Springer},
  year = {2015}
}

@book{class-book,
  author = {A. Quarteroni, and R. Sacco, and F. Saler},
  title = {Numerical Mathematics},
  edition = {2},
  publisher = {Springer},
  address = {New York, NY}
}
